<?xml version="1.0" encoding="UTF-8"?><record xmlns="http://www.loc.gov/MARC21/slim" xmlns:cinclude="http://apache.org/cocoon/include/1.0" xmlns:zs="http://www.loc.gov/zing/srw/">
  <leader>00619nz  a2200145n  4500</leader>
  <controlfield tag="001">n  96065035 </controlfield>
  <controlfield tag="003">DLC</controlfield>
  <controlfield tag="005">19960702180642.3</controlfield>
  <controlfield tag="008">960702n| acannaab|          |a ana |||  </controlfield>
  <datafield tag="010" ind1=" " ind2=" ">
    <subfield code="a">n  96065035 </subfield>
  </datafield>
  <datafield tag="040" ind1=" " ind2=" ">
    <subfield code="a">DLC</subfield>
    <subfield code="c">DLC</subfield>
  </datafield>
  <datafield tag="110" ind1="2" ind2="0">
    <subfield code="a">Pontificio Ateneo salesiano.</subfield>
    <subfield code="b">Facultas Theologica</subfield>
  </datafield>
  <datafield tag="510" ind1="2" ind2="0">
    <subfield code="w">b</subfield>
    <subfield code="a">Pontificia Università salesiana.</subfield>
    <subfield code="b">Facoltà di teologia</subfield>
  </datafield>
  <datafield tag="670" ind1=" " ind2=" ">
    <subfield code="a">Il giansenismo in Italia, 1966- :</subfield>
    <subfield code="b">v. 1, pt. 1, ser. t.p. (... Facultatis Theologicae Pontificii Athenaei Salesiani)</subfield>
  </datafield>
  <datafield tag="675" ind1=" " ind2=" ">
    <subfield code="a">Realtà e valori del sacramento del matrimonio, 1976: t.p. (Facoltà di teologia della Università pontificia salesiana)</subfield>
  </datafield>
</record>